@book{hacking1975,
  author    = {Hacking, Ian},
  title     = {The Emergence of Probability},
  year      = {1975},
  publisher = {Cambridge University Press}
}

@book{gigerenzer2002,
  author    = {Gigerenzer, Gerd},
  title     = {Calculated Risks: How to Know When Numbers Deceive You},
  year      = {2002},
  publisher = {Simon \& Schuster}
}

@book{kahneman2011,
  author    = {Kahneman, Daniel},
  title     = {Thinking, Fast and Slow},
  year      = {2011},
  publisher = {Farrar, Straus and Giroux}
}

@book{pearl2000,
  author    = {Pearl, Judea},
  title     = {Causality: Models, Reasoning, and Inference},
  year      = {2000},
  publisher = {Cambridge University Press}
}

@article{rose1972,
  author  = {Rose, L. E.},
  title   = {Countering a Counter-Intuitive Probability},
  journal = {Philosophy of Science},
  volume  = {39},
  year    = {1972},
  pages   = {523--524}
}

@article{dale1974,
  author  = {Dale, A. I.},
  title   = {On a Problem in Conditional Probability},
  journal = {Philosophy of Science},
  volume  = {41},
  year    = {1974},
  pages   = {202--206}
}

@article{faber1976,
  author  = {Faber, R.},
  title   = {Re-Encountering a Counter-Intuitive Probability},
  journal = {Philosophy of Science},
  volume  = {43},
  year    = {1976},
  pages   = {283--285}
}

@article{goldberg1976,
  author  = {Goldberg, S.},
  title   = {Copi's Conditional Probability Problem},
  journal = {Philosophy of Science},
  volume  = {43},
  year    = {1976},
  pages   = {286--289}
}

@article{ayala1993,
  author  = {},
  title   = {关于爱丽莎·爱亚拉的报道},
  journal = {Life},
  year    = {1993},
  month   = {12}
} 

@book{shirer1960,
  title={The Rise and Fall of the Third Reich},
  author={Shirer, William L.},
  year={1960},
  publisher={Simon \& Schuster},
  address={New York}
}

@book{lincoln1861,
  title={The Collected Works of Abraham Lincoln},
  author={Lincoln, Abraham},
  year={1861},
  publisher={Rutgers University Press},
  address={New Brunswick}
}

@book{voltaire1770,
  title={Philosophical Dictionary},
  author={Voltaire},
  year={1770},
  publisher={Penguin Classics},
  address={London}
}

@book{hayden2000,
  title={The Logic of Scientific Discovery},
  author={Hayden, Patrick},
  year={2000},
  publisher={Routledge},
  address={London}
}

@book{ban1992,
  title={Logic and Language},
  author={Ban, Guido},
  year={1992},
  publisher={Oxford University Press},
  address={Oxford}
}

@book{bentham1802,
  title={An Introduction to the Principles of Morals and Legislation},
  author={Bentham, Jeremy},
  year={1802},
  publisher={Clarendon Press},
  address={Oxford}
}

@book{zare1996,
  title={The Logic of Scientific Discovery},
  author={Zare, Richard N.},
  year={1996},
  publisher={Wiley},
  address={New York}
}

@book{langewiesche1996,
  title={Inside the Sky},
  author={Langewiesche, William},
  year={1996},
  publisher={Pantheon Books},
  address={New York}
}

@book{feduccia1996,
  author    = {Feduccia, Alan},
  title     = {The Origin and Evolution of Birds},
  year      = {1996},
  publisher = {Yale University Press},
  address   = {New Haven, CT}
}

@book{hardy1940,
  author    = {Hardy, G. H.},
  title     = {A Mathematician's Apology},
  year      = {1940},
  publisher = {Cambridge University Press}
}

@article{root1990,
  author  = {Root-Bernstein, R. S.},
  title   = {Misleading Reliability},
  journal = {The Sciences},
  year    = {1990},
  month   = {3}
}

@book{beardsley1950,
  author    = {Beardsley, Monroe C.},
  title     = {Practical Logic},
  year      = {1950},
  publisher = {Prentice-Hall}
}

@book{thomas1973,
  author    = {Thomas, Stephen N.},
  title     = {Practical Reasoning in Natural Language},
  year      = {1973},
  publisher = {Prentice-Hall}
}

@book{scriven1976,
  author    = {Scriven, Michael},
  title     = {Reasoning},
  year      = {1976},
  publisher = {McGraw-Hill}
}

@incollection{rachels1987,
  author    = {Rachels, James},
  editor    = {Mappes, T. A. and Zembaty, J. S.},
  title     = {},
  booktitle = {Social Ethics},
  edition   = {3},
  year      = {1987},
  publisher = {McGraw-Hill}
}

@article{hiatt1979,
  author  = {Hiatt, Blanchard},
  title   = {},
  journal = {University of Michigan Research News},
  year    = {1979},
  month   = {9}
}

@article{ayer,
  author  = {Ayer, A. J.},
  title   = {Freedom and Necessity},
  journal = {Polemic},
  number  = {5}
}

@misc{palmbeach2000,
  title     = {Palm Beach County Canvassing Board v. Katherine Harris},
  year      = {2000},
  month     = {11},
  day       = {21}
}

@article{lander1988,
  author  = {Lander, Ann},
  title   = {You Could Be Dead Right!},
  journal = {syndicated column},
  year    = {1988},
  month   = {8},
  day     = {26}
}

@book{rescher1996,
  author    = {Rescher, Nicholas},
  title     = {The Logic of Commands},
  year      = {1996},
  publisher = {Routledge \& Kegan Paul},
  address   = {London}
}

@book{bloomfield1933,
  author    = {Bloomfield, Leonard},
  title     = {Language},
  year      = {1933},
  publisher = {Henry Holt},
  address   = {New York}
}

@misc{cohen1971,
  title     = {Cohen v. California},
  year      = {1971},
  note      = {403 U.S. 15, at p. 26}
}

@misc{democratic1968,
  title     = {Speech at the National Convention of the Democratic Party},
  year      = {1968},
  month     = {7},
  address   = {Chicago}
}

@book{greer1971,
  author    = {Greer, Germaine},
  title     = {The Female Eunuch},
  year      = {1971},
  publisher = {McGraw-Hill},
  address   = {New York}
}

@book{schlauch1942,
  author    = {Schlauch, Margaret},
  title     = {The Gift of Tongues},
  year      = {1942},
  publisher = {Viking Press},
  address   = {New York}
}

@book{stevenson1944,
  author    = {Stevenson, Charles L.},
  title     = {Ethics and Language},
  year      = {1944},
  publisher = {Yale University Press},
  address   = {New Haven, CT}
}

@misc{perot1993,
  author    = {Perot, Ross},
  title     = {Public opinion poll},
  year      = {1993},
  month     = {3},
  note      = {published in TVGuide on March 20, 1993 and broadcast on NBC TV on March 21, 1993}
}

@misc{timecnn1993,
  title     = {Time/CNN opinion poll},
  year      = {1993},
  month     = {3},
  note      = {reported in New York Times}
}

@book{james1907,
  author    = {James, William},
  title     = {Pragmatism},
  year      = {1907}
}

@misc{rudin1992,
  author    = {Rudin, A. J.},
  title     = {Religious News Service},
  year      = {1992},
  month     = {1}
}

@misc{weights1991,
  title     = {General Committee on Weights and Measures},
  year      = {1991}
}

@misc{wheeler1967,
  author    = {Wheeler, John Archibald},
  title     = {Presentation at space research organization meeting},
  year      = {1967},
  address   = {New York}
}

@book{joyce,
  author    = {Joyce, James},
  title     = {Finnegan's Wake}
}

@article{chronicle1993,
  title     = {The Chronicle of Higher Education},
  year      = {1993},
  month     = {5},
  day       = {30}
}

@misc{california1991,
  title     = {California v. Hodari D.},
  year      = {1991},
  note      = {499 U.S. 621}
}

@misc{aclu1996,
  title     = {American Civil Liberties Union v. Reno},
  year      = {1996},
  month     = {6},
  day       = {11},
  note      = {929 Fed. Supp. 824}
}

@article{honolulu1970,
  title     = {Defining Abortion a Tricky Business},
  journal   = {Honolulu Advertiser},
  year      = {1970},
  month     = {2},
  day       = {14}
}

@article{gombocz1997,
  author    = {Gombocz, Wolfgang L.},
  title     = {Logik and Existenz in Mittelater},
  journal   = {Philosophische Rundschau},
  year      = {1997}
}

@article{sisk1988,
  author    = {Sisk, John P.},
  title     = {Art, Kitsch and Politics},
  journal   = {Commentary},
  year      = {1988},
  month     = {5}
}

@book{livingston1974,
  author    = {Livingston, Jay},
  title     = {Compulsive Gamblers},
  year      = {1974},
  publisher = {Harper \& Row},
  address   = {New York},
  pages     = {2}
}

@article{voge1987,
  author    = {Voge, W. H.},
  title     = {Strees-The Neglected Variable in Experimental Pharmacology and Toxicology},
  journal   = {Trends in Pharmacological Science},
  year      = {1987},
  month     = {1}
}

@book{spencer1864,
  author    = {Spencer, Herbert},
  title     = {Principles of Biology},
  year      = {1864}
}

@book{johnson1755,
  author    = {Johnson, Samuel},
  title     = {Dictionary of the English Language},
  year      = {1755}
}

@book{bierce1911,
  author    = {Bierce, Ambrose},
  title     = {The Devil's Dictionary},
  year      = {1911}
}

@book{aristotle,
  author    = {Aristotle},
  title     = {Sophistical Refutations}
}

@book{fearnside1959,
  author    = {Fearnside, W. Ward and Holther, William B.},
  title     = {Fallacy: The Counterfeit of Argument},
  publisher = {Prentice-Hall},
  year      = {1959}
}

@book{joseph1916,
  author    = {Joseph, H. W. B.},
  title     = {An Introduction to Logic},
  publisher = {Oxford University Press},
  year      = {1916}
}

@book{kneale1962,
  author    = {Kneale, William and Kneale, Martha},
  title     = {The Development of Logic},
  publisher = {Oxford University Press},
  year      = {1962}
}

@book{boole1854,
  author    = {Boole, George},
  title     = {An Investigation of the Laws of Thought},
  publisher = {Walton and Maberly},
  year      = {1854}
}

@article{russell1905,
  author  = {Russell, Bertrand},
  title   = {The Existential Import of Propositions},
  journal = {Mind},
  year    = {1905},
  month   = {7}
}

@book{gilbert2000,
  author    = {Gilbert, Joseph},
  title     = {Private communication},
  publisher = {SUNY Brockport},
  year      = {2000}
}

@article{wiebe1991,
  author  = {Wiebe, Phillip H.},
  title   = {Existential Assumptions for Aristotelian Logic},
  journal = {Journal of Philosophical Research},
  volume  = {16},
  year    = {1991},
  pages   = {321-328}
}

@book{venn1881,
  author    = {Venn, John},
  title     = {Symbolic Logic},
  year      = {1881},
  publisher = {Macmillan}
}

@book{lukasiewicz1957,
  author    = {Lukasiewicz, Jan},
  title     = {Aristotle's Syllogistic from the Standpoint of Modern Formal Logic},
  year      = {1957},
  publisher = {Clarendon Press},
  address   = {Oxford}
}

@book{copi1980,
  author    = {Copi, Irving M.},
  title     = {Introduction to Logic},
  year      = {1980},
  publisher = {Macmillan}
}

@book{patzig1968,
  author    = {Patzig, Günther},
  title     = {Aristotle's Theory of the Syllogism},
  year      = {1968},
  publisher = {D. Reidel},
  address   = {Dordrecht}
}

@book{kant1781,
  author    = {Kant, Immanuel},
  title     = {Critique of Pure Reason},
  year      = {1781},
  publisher = {Johann Friedrich Hartknoch},
  address   = {Riga}
}

@article{frege1892,
  author  = {Frege, Gottlob},
  title   = {Über Sinn und Bedeutung},
  journal = {Zeitschrift für Philosophie und philosophische Kritik},
  volume  = {100},
  year    = {1892},
  pages   = {25-50}
}

@book{hume1748,
  author    = {Hume, David},
  title     = {An Enquiry Concerning Human Understanding},
  year      = {1748},
  publisher = {A. Millar},
  address   = {London}
}

@misc{usc2000,
  title     = {United States v. Morrison},
  year      = {2000},
  note      = {529 U.S. 598}
}

@book{feynman1988,
  author    = {Feynman, Richard P.},
  title     = {What Do You Care What Other People Think?},
  year      = {1988},
  publisher = {W. W. Norton},
  address   = {New York}
}

@book{quine1940,
  author    = {Quine, Willard Van Orman},
  title     = {Mathematical Logic},
  year      = {1940},
  publisher = {Harvard University Press},
  address   = {Cambridge, MA}
}

@book{aristotle-logic,
  author    = {Aristotle},
  title     = {Prior Analytics},
  year      = {350 BCE},
  editor    = {Smith, Robin},
  publisher = {Oxford University Press},
  address   = {Oxford},
  year      = {1989}
}

@book{tarski1946,
  author    = {Tarski, Alfred},
  title     = {Introduction to Logic and to the Methodology of Deductive Sciences},
  year      = {1946},
  publisher = {Oxford University Press},
  address   = {New York}
}

@book{church1956,
  author    = {Church, Alonzo},
  title     = {Introduction to Mathematical Logic},
  year      = {1956},
  publisher = {Princeton University Press},
  address   = {Princeton, NJ}
}

@article{grice1975,
  author  = {Grice, H. Paul},
  title   = {Logic and Conversation},
  journal = {Syntax and Semantics},
  volume  = {3},
  year    = {1975},
  pages   = {41-58}
}

@book{russell1903,
  author    = {Russell, Bertrand},
  title     = {The Principles of Mathematics},
  year      = {1903},
  publisher = {Cambridge University Press},
  address   = {Cambridge}
}

@book{churchill1953,
  author    = {Churchill, Winston S.},
  title     = {Triumph and Tragedy},
  year      = {1953},
  publisher = {Houghton Mifflin},
  address   = {Boston}
}

@book{jevons1886,
  author    = {Jevons, W. Stanley},
  title     = {Elementary Lessons in Logic},
  year      = {1886},
  publisher = {Macmillan and Co.},
  address   = {London}
}

@book{jevons1879,
  author    = {Jevons, W. Stanley},
  title     = {The Principles of Science},
  year      = {1879},
  publisher = {Macmillan and Co.},
  address   = {London}
}

@book{carroll1896,
  author    = {Carroll, Lewis},
  title     = {Symbolic Logic},
  year      = {1896},
  publisher = {Macmillan and Co.},
  address   = {London}
}

@book{whitehead1911,
  author    = {Whitehead, Alfred North and Russell, Bertrand},
  title     = {Principia Mathematica},
  volume    = {1},
  year      = {1911},
  publisher = {Cambridge University Press},
  address   = {Cambridge}
}

@book{hamilton1833,
  author    = {Hamilton, William},
  title     = {Discussions on Philosophy and Literature},
  year      = {1833},
  publisher = {Blackwood and Sons},
  address   = {Edinburgh}
}

@book{wittgenstein1922,
  author    = {Wittgenstein, Ludwig},
  title     = {Tractatus Logico-Philosophicus},
  year      = {1922},
  publisher = {Kegan Paul},
  address   = {London}
}

@article{gentzen1935,
  author  = {Gentzen, Gerhard},
  title   = {Untersuchungen über das logische Schließen},
  journal = {Mathematische Zeitschrift},
  volume  = {39},
  year    = {1935},
  pages   = {176-210}
}

@book{jeffrey1967,
  author    = {Jeffrey, Richard C.},
  title     = {Formal Logic: Its Scope and Limits},
  year      = {1967},
  publisher = {McGraw-Hill},
  address   = {New York}
}

@book{wigmore1937,
  author    = {Wigmore, John Henry},
  title     = {The Science of Judicial Proof},
  year      = {1937},
  publisher = {Little, Brown and Company},
  address   = {Boston}
}

@book{quine1953,
  author    = {Quine, Willard Van Orman},
  title     = {From a Logical Point of View},
  year      = {1953},
  publisher = {Harvard University Press},
  address   = {Cambridge, MA}
}

@book{reichenbach1947,
  author    = {Reichenbach, Hans},
  title     = {Elements of Symbolic Logic},
  year      = {1947},
  publisher = {Macmillan},
  address   = {New York}
}

@article{peirce1883,
  author  = {Peirce, Charles Sanders},
  title   = {Studies in Logic},
  journal = {Little, Brown, and Company},
  year    = {1883}
}

@book{brown1954,
  author    = {Brown, Robert},
  title     = {Logic},
  year      = {1954},
  publisher = {Allen \& Unwin},
  address   = {London}
}

@book{tarski1954,
  author    = {Tarski, Alfred},
  title     = {Introduction to Logic and to the Methodology of Deductive Sciences},
  year      = {1954},
  publisher = {Oxford University Press},
  address   = {New York}
}

@book{lukasiewicz1951,
  author    = {Łukasiewicz, Jan},
  title     = {Aristotle's Syllogistic from the Standpoint of Modern Formal Logic},
  year      = {1951},
  publisher = {Clarendon Press},
  address   = {Oxford}
}

@book{surgeon1964,
  author    = {Luther L. Terry},
  title     = {Smoking and Health: Report of the Advisory Committee to the Surgeon General of the Public Health Service},
  year      = {1964},
  publisher = {U.S. Department of Health, Education, and Welfare},
  address   = {Washington, D.C.}
}

@article{davis1986,
  author  = {Davis, William A.},
  title   = {The Case for Teacher Competency Tests},
  journal = {Public Interest},
  volume  = {85},
  year    = {1986},
  pages   = {29-43}
}

@book{reid1785,
  author    = {Reid, Thomas},
  title     = {Essays on the Intellectual Powers of Man},
  year      = {1785},
  publisher = {John Bell and G.G.J. \& J. Robinson},
  address   = {Edinburgh}
}

@book{chesterton1910,
  author    = {Chesterton, G. K.},
  title     = {What's Wrong with the World},
  year      = {1910},
  publisher = {Dodd, Mead and Company},
  address   = {New York}
}

@article{lander1995,
  author  = {Lander, Eric S.},
  title   = {The New Genomics: Global Views of Biology},
  journal = {Science},
  volume  = {274},
  year    = {1995},
  pages   = {536-539}
}

@misc{collin1978,
  title     = {National Socialist Party of America v. Village of Skokie},
  year      = {1978},
  note      = {432 U.S. 43}
}

@book{rachels1991,
  author    = {Rachels, James},
  title     = {Created From Animals: The Moral Implications of Darwinism},
  year      = {1991},
  publisher = {Oxford University Press},
  address   = {Oxford},
  pages     = {161-162}
}

@article{brenner1993,
  author  = {Brenner, Louis},
  title   = {Muslim Identity and Social Change in Sub-Saharan Africa},
  journal = {African Studies Review},
  volume  = {36},
  number  = {2},
  year    = {1993},
  pages   = {65-66}
}

@article{kinsley1992,
  author  = {Kinsley, Michael},
  title   = {America is Not a Christian Nation},
  journal = {Time},
  year    = {1992},
  month   = {7},
  day     = {5},
  pages   = {70}
}

@article{marler1991,
  author  = {Marler, Peter},
  title   = {Song Learning in Birds: The Relation between Perception and Production},
  journal = {Philosophical Transactions of the Royal Society of London},
  volume  = {329},
  number  = {B},
  year    = {1991},
  pages   = {115-124}
}

@article{nasar1996,
  author  = {Nasar, Sylvia},
  title   = {The Markets on a Wire: Lessons of Tangled Coffee and Stocks},
  journal = {New York Times},
  year    = {1996},
  month   = {3},
  day     = {24}
}

@book{kitagawa1973,
  author    = {Kitagawa, Evelyn M. and Hauser, Philip M.},
  title     = {Differential Mortality in the United States: A Study in Socioeconomic Epidemiology},
  year      = {1973},
  publisher = {Harvard University Press},
  address   = {Cambridge, MA}
}

@book{roberts1966,
  author    = {Roberts, Clayton},
  title     = {The Growth of Responsible Government in Stuart England},
  year      = {1966},
  publisher = {Cambridge University Press},
  address   = {Cambridge}
}

@article{tanzi1996,
  author  = {Tanzi, Rudolph},
  title   = {A Promising New Approach to the Prevention and Treatment of Alzheimer's Disease},
  journal = {Brain Research Bulletin},
  volume  = {38},
  year    = {1996},
  pages   = {83-88}
}

@article{forbes1996,
  author  = {Forbes, Steve},
  title   = {Fact and Comment: School Sham},
  journal = {Forbes Magazine},
  year    = {1996},
  month   = {3},
  day     = {25},
  pages   = {25-26}
}

@book{sapolsky1997,
  author    = {Sapolsky, Robert M.},
  title     = {The Trouble with Testosterone},
  year      = {1997},
  publisher = {Scribner},
  address   = {New York}
}

@book{garrison1929,
  author    = {Garrison, Fielding H.},
  title     = {An Introduction to the History of Medicine},
  year      = {1929},
  publisher = {W.B. Saunders Company},
  address   = {Philadelphia},
  pages     = {396-397}
}

@article{werzberger1992,
  author  = {Werzberger, Alan et al.},
  title   = {A Controlled Trial of a Formalin-Inactivated Hepatitis A Vaccine in Healthy Children},
  journal = {New England Journal of Medicine},
  volume  = {327},
  year    = {1992},
  pages   = {453-457}
}

@book{berry1961,
  author    = {Berry, Arthur},
  title     = {A Short History of Astronomy},
  year      = {1961},
  publisher = {Dover Publications},
  address   = {New York}
}

@article{stampfer1994,
  author  = {Stampfer, Meir J.},
  title   = {Fat in the Diet and Mortality from Coronary Heart Disease},
  journal = {New England Journal of Medicine},
  volume  = {331},
  year    = {1994},
  pages   = {555-556}
}

@article{matthews1999,
  author  = {Matthews, Robert},
  title   = {Storks Deliver Babies (p = 0.008)},
  journal = {Teaching Statistics},
  volume  = {22},
  year    = {1999},
  pages   = {36-38}
}

@book{sapolsky1992,
  author    = {Sapolsky, Robert M.},
  title     = {Stress, the Aging Brain, and the Mechanisms of Neuron Death},
  year      = {1992},
  publisher = {MIT Press},
  address   = {Cambridge, MA}
}

@article{dawkins1993,
  author  = {Dawkins, Richard},
  title   = {Viruses of the Mind},
  journal = {Free Inquiry},
  volume  = {13},
  number  = {3},
  year    = {1993},
  pages   = {34-41}
}

@book{aristotle1950,
  author    = {Aristotle},
  title     = {Metaphysics},
  year      = {1950},
  publisher = {Clarendon Press},
  address   = {Oxford},
  editor    = {W. D. Ross}
}

@article{einstein1935,
  author  = {Einstein, Albert},
  title   = {Physics and Reality},
  journal = {Journal of the Franklin Institute},
  volume  = {221},
  number  = {3},
  year    = {1935},
  pages   = {349-382}
}

@book{crombie1960,
  author    = {Crombie, A. C.},
  title     = {Medieval and Early Modern Science},
  year      = {1960},
  publisher = {Harvard University Press},
  address   = {Cambridge, MA},
  volume    = {2}
}

@book{popper1935,
  author    = {Popper, Karl R.},
  title     = {Logik der Forschung},
  year      = {1935},
  publisher = {Springer},
  address   = {Vienna}
}

@book{kuhn1957,
  author    = {Kuhn, Thomas S.},
  title     = {The Copernican Revolution},
  year      = {1957},
  publisher = {Harvard University Press},
  address   = {Cambridge, MA}
}

@book{blanshard1939,
  author    = {Blanshard, Brand},
  title     = {The Nature of Thought},
  year      = {1939},
  publisher = {George Allen \& Unwin},
  address   = {London},
  volume    = {2}
}

@book{braithwaite1960,
  author    = {Braithwaite, Richard B.},
  title     = {Scientific Explanation},
  year      = {1960},
  publisher = {Cambridge University Press},
  address   = {Cambridge}
}

@article{eddington1919,
  author  = {Eddington, Arthur Stanley},
  title   = {The Total Eclipse of 29 May 1919 and the Influence of Gravitation on Light},
  journal = {Observatory},
  volume  = {42},
  year    = {1919},
  pages   = {119-122}
}

@book{kuhn1957b,
  author    = {Kuhn, Thomas S.},
  title     = {The Copernican Revolution: Planetary Astronomy in the Development of Western Thought},
  year      = {1957},
  publisher = {Harvard University Press},
  address   = {Cambridge, MA}
}

@article{peirce1958,
  author  = {Peirce, Charles S.},
  title   = {Deduction, Induction, and Hypothesis},
  journal = {Popular Science Monthly},
  volume  = {13},
  year    = {1878},
  pages   = {470-482},
  note    = {Reprinted in Collected Papers of Charles Sanders Peirce, Volume 2, 1958}
}

@article{capecchi1994,
  author  = {Capecchi, Mario R.},
  title   = {Targeted Gene Replacement},
  journal = {Scientific American},
  volume  = {270},
  number  = {3},
  year    = {1994},
  pages   = {52-59}
}

@book{doyle1927,
  author    = {Doyle, Arthur Conan},
  title     = {The Red-Headed League},
  year      = {1927},
  publisher = {George Newnes},
  address   = {London},
  note      = {Originally published in The Strand Magazine, August 1891}
}

@book{doyle1927b,
  author    = {Doyle, Arthur Conan},
  title     = {The Speckled Band},
  year      = {1927},
  publisher = {George Newnes},
  address   = {London},
  note      = {Originally published in The Strand Magazine, February 1892}
}

@book{watson1968,
  author    = {Watson, James D.},
  title     = {The Double Helix: A Personal Account of the Discovery of the Structure of DNA},
  year      = {1968},
  publisher = {Atheneum},
  address   = {New York}
}

@book{watson1968b,
  author    = {Watson, James D.},
  title     = {The Double Helix: A Personal Account of the Discovery of the Structure of DNA},
  year      = {1968},
  publisher = {Atheneum},
  address   = {New York},
  pages     = {18}
}

@book{watson1968c,
  author    = {Watson, James D.},
  title     = {The Double Helix: A Personal Account of the Discovery of the Structure of DNA},
  year      = {1968},
  publisher = {Atheneum},
  address   = {New York},
  pages     = {23}
}

@book{watson1968d,
  author    = {Watson, James D.},
  title     = {The Double Helix: A Personal Account of the Discovery of the Structure of DNA},
  year      = {1968},
  publisher = {Atheneum},
  address   = {New York},
  pages     = {53}
}

@book{watson1968e,
  author    = {Watson, James D.},
  title     = {The Double Helix: A Personal Account of the Discovery of the Structure of DNA},
  year      = {1968},
  publisher = {Atheneum},
  address   = {New York},
  pages     = {123-124}
}

@book{watson1968f,
  author    = {Watson, James D.},
  title     = {The Double Helix: A Personal Account of the Discovery of the Structure of DNA},
  year      = {1968},
  publisher = {Atheneum},
  address   = {New York},
  pages     = {126}
}

@article{watson1953,
  author  = {Watson, James D. and Crick, Francis H. C.},
  title   = {A Structure for Deoxyribose Nucleic Acid},
  journal = {Nature},
  volume  = {171},
  number  = {4356},
  year    = {1953},
  pages   = {737-738}
}

@article{diamond1992,
  author  = {Diamond, Jared},
  title   = {The Arrow of Disease},
  journal = {Discover},
  volume  = {13},
  number  = {10},
  year    = {1992},
  pages   = {64-73}
}

@article{mayer1950,
  author  = {Mayer, Maria Goeppert},
  title   = {Nuclear Configurations in the Spin-Orbit Coupling Model},
  journal = {Physical Review},
  volume  = {78},
  number  = {1},
  year    = {1950},
  pages   = {16-21}
}

@article{wheeler1992,
  author  = {Wheeler, John A.},
  title   = {Black Holes and Warped Spacetime},
  journal = {American Scientist},
  volume  = {80},
  number  = {4},
  year    = {1992},
  pages   = {350-358}
}

@book{popper1963,
  author    = {Popper, Karl R.},
  title     = {Conjectures and Refutations: The Growth of Scientific Knowledge},
  year      = {1963},
  publisher = {Routledge \& Kegan Paul},
  address   = {London}
}

@book{monod1971,
  author    = {Monod, Jacques},
  title     = {Chance and Necessity: An Essay on the Natural Philosophy of Modern Biology},
  year      = {1971},
  publisher = {Alfred A. Knopf},
  address   = {New York},
  pages     = {172-173}
}

@book{polanyi1967,
  author    = {Polanyi, Michael},
  title     = {The Tacit Dimension},
  year      = {1967},
  publisher = {Doubleday},
  address   = {New York}
}

@book{miller1981,
  author    = {Miller, Arthur I.},
  title     = {Albert Einstein's Special Theory of Relativity: Emergence (1905) and Early Interpretation (1905–1911)},
  year      = {1981},
  publisher = {Addison-Wesley},
  address   = {Reading, MA}
}

@article{hawking1974,
  author  = {Hawking, Stephen W.},
  title   = {Black Hole Explosions?},
  journal = {Nature},
  volume  = {248},
  number  = {5443},
  year    = {1974},
  pages   = {30-31}
}

@article{leverrier1992,
  author  = {Leverrier, Urbain J. J.},
  title   = {Discovery of Neptune},
  journal = {The Observatory},
  volume  = {15},
  year    = {1892},
  pages   = {384-386},
  note    = {Commemorative reprint in Observatory, 1992}
}

@article{einstein1915,
  author  = {Einstein, Albert},
  title   = {Explanation of the Perihelion Motion of Mercury from the General Theory of Relativity},
  journal = {Sitzungsberichte der Königlich Preussischen Akademie der Wissenschaften},
  year    = {1915},
  pages   = {831-839}
}

@book{collingwood1939,
  author    = {Collingwood, Robin G.},
  title     = {An Autobiography},
  year      = {1939},
  publisher = {Oxford University Press},
  address   = {Oxford},
  pages     = {110-111}
}